 @misc{ wiki:backstory,
   author = "Wikipedia",
   title = "Backstory --- Wikipedia{,} The Free Encyclopedia",
   year = "2015",
   url = "https://en.wikipedia.org/w/index.php?title=Backstory&oldid=666312396",
   note = "[Online; accessed 27-September-2015]"
 }